<record xmlns="http://www.loc.gov/MARC21/slim" xmlns:xsi="http://www.w3.org/2001/XMLSchema-instance" xsi:schemaLocation="http://www.loc.gov/MARC21/slim http://www.loc.gov/standards/marcxml/schema/MARC21slim.xsd"><leader>00306cz   2200121n  4500</leader><controlfield tag="001">oca00341605 </controlfield><controlfield tag="005">20010131123727.0</controlfield><controlfield tag="008">800521n| acannaab           |a aaa      </controlfield><datafield ind1=" " ind2=" " tag="010"><subfield code="a">n  79109712 </subfield></datafield><datafield ind1=" " ind2=" " tag="040"><subfield code="a">DLC</subfield><subfield code="c">DLC</subfield></datafield><datafield ind1="1" ind2=" " tag="100"><subfield code="a">Ennius, Quintus</subfield></datafield><datafield ind1="1" ind2=" " tag="400"><subfield code="a">Ennio, Quinto</subfield></datafield><datafield ind1=" " ind2=" " tag="670"><subfield code="a">Duckett, E. S.</subfield><subfield code="b">Studies in Ennius, 1915.</subfield></datafield></record>